%% This BibTeX bibliography file was created using BibDesk.
%% http://bibdesk.sourceforge.net/


%% Created for Sagie Maoz at 2012-12-10 00:20:43 +0200 


%% Saved with string encoding Unicode (UTF-8) 



@article{wolf2012,
	Author = {Matthew Wolf},
	Date-Added = {2012-12-09 22:18:27 +0000},
	Date-Modified = {2012-12-09 22:19:53 +0000},
	Journal = {Harmonic Grammar and Harmonic Serialism},
	Title = {Cyclicity and non-cyclicity in Maltese: Local ordering of phonology and morphology in OT-CC},
	Year = {2012}}

@book{mifsudloan1997,
	Author = {Mifsud, M.},
	Date-Added = {2012-12-09 07:23:18 +0000},
	Date-Modified = {2012-12-09 07:48:27 +0000},
	Publisher = {E.J. Brill},
	Title = {Loan verbs in Maltese: a descriptive and comparative study},
	Url = {http://books.google.co.il/books?id=fO5kE8BKf7cC},
	Year = {1997},
	Bdsk-Url-1 = {http://books.google.co.il/books?id=fO5kE8BKf7cC}}

@article{brame1974,
	Author = {Brame, Michael K.},
	Copyright = {Copyright {\copyright} 1974 The MIT Press},
	Date-Added = {2012-12-08 22:30:59 +0000},
	Date-Modified = {2012-12-09 07:48:38 +0000},
	Issn = {00243892},
	Journal = {Linguistic Inquiry},
	Jstor_Articletype = {research-article},
	Jstor_Formatteddate = {Winter, 1974},
	Language = {English},
	Number = {1},
	Pages = {pp. 39-60},
	Publisher = {The MIT Press},
	Title = {The Cycle in Phonology: Stress in Palestinian, Maltese, and Spanish},
	Url = {http://www.jstor.org/stable/4177807},
	Volume = {5},
	Year = {1974},
	Bdsk-Url-1 = {http://www.jstor.org/stable/4177807}}

@book{borg1997,
	Author = {Borg, A.J. and Marie Azzopardi-Alexander},
	Date-Added = {2012-11-10 12:38:33 +0000},
	Date-Modified = {2012-12-09 07:48:19 +0000},
	Isbn = {9780415022439},
	Lccn = {96013272},
	Publisher = {Taylor \& Francis Group},
	Series = {Descriptive Grammar Series},
	Title = {Maltese},
	Url = {http://books.google.co.il/books?id=rsA5jUU\_3g4C},
	Year = {1997},
	Bdsk-Url-1 = {http://books.google.co.il/books?id=rsA5jUU%5C_3g4C}}
